% Created 2024-05-06 13:25:43 by https://text2bib.org. Algorithm version 2024-05-06 02:49:20.

% \bibitem{flexhyx}  M.~Bareev-Rudy, S.~Meiswinkel, M.~Pfennig, S.~Schedler, B.~Schiffer, G.~Steinebach, T.~Clees, Analysis of PtGtX Systems with Metal Hydride Storage Based on Coupled Electrochemical and Thermodynamic Simulation, Energy Conversion and Management, submitted. 
%unpublished{flexhyx,
@article{flexhyx,
  author = {M. Bareev-Rudy and S. Meiswinkel and M. Pfennig and S. Schedler and B. Schiffer and G. Steinebach and T. Clees},
  title = {{Analysis of PtGtX systems with metal hydride storage based on coupled electrochemical and thermodynamic simulation}},
  journal = {Energy Conversion and Management},
  year = {2024},
  note = {submitted},
}

% \bibitem{hairer} E.~Hairer and G.~Wanner, Solving Ordinary Differential Equations II, Stiff and differential algebraic Problems,  (2nd ed.), Springer-Verlag, Berlin Heidelberg (1996)  
@book{hairer,
  author = {E. Hairer and G. Wanner},
  title = {Solving Ordinary Differential Equations II, Stiff and differential algebraic problems},
  year = {1996},
  edition = {2nd},
  address = {Berlin Heidelberg},
  publisher = {Springer-Verlag},
}

% \bibitem{rang12} A.~W. Hamkar, S.~Hartmann, J.~Rang, A stiffly accurate Rosenbrock-type method of order 2. Appl. Num. Math., 62(12):1837–1848 (2012) 
@article{rang12,
  author = {A. W. Hamkar and S. Hartmann and J. Rang},
  title = {{A stiffly accurate Rosenbrock-type method of order 2}},
  year = {2012},
  journal = {Appl. Num. Math.},
  volume = {62},
  number = {12},
  pages = {1837-1848},
}

% \bibitem{jax2} T.~Jax, A rooted-tree based derivation of ROW-type methods with arbitrary jacobian entries for solving index-one DAEs,  Dissertation, University Wuppertal (2019) 
@phdthesis{jax2,
  author = {T. Jax},
  title = {A rooted-tree based derivation of ROW-type methods with arbitrary jacobian entries for solving index-one DAEs},
  year = {2019},
  school = {University Wuppertal},
}

% \bibitem{jaxsteinebach}   T.~Jax, G.~Steinebach, Generalized ROW-Type Methods for Simulating Water Supply Networks, In: Quintela, Barral et al. (Eds.): Progress in Industrial Mathematics at ECMI 2016, 19th European Conference on Mathematics for Industry,  Springer, Cham,447-454 (2017). https://doi.org/10.1007/978-3-319-63082-3\_70  
@inproceedings{jaxsteinebach,
  author = {T. Jax and G. Steinebach},
  title = {Generalized ROW-Type Methods for Simulating Water Supply Networks},
  year = {2017},
  pages = {447-454},
  doi = {10.1007/978-3-319-63082-3_70},
  editor = {P. Quintela and P. Barral and D. Gómez and F.J. Pena and J. Rodríguez and P. Salgado and M. E. Vázquez-Méndez},
  address = {Cham},
  publisher = {Springer},
  booktitle = {Progress in Industrial Mathematics at ECMI 19th European Conference on Mathematics for Industry},
}

% \bibitem{kaps} P.~Kaps, P.~Rentrop, Generalized Runge-Kutta Methods of Order Four with Stepsize Control for Stiff Ordinary Differential  Equations, Numerische Mathematik, 33, 55-68 (1979) 
@article{kaps,
  author = {P. Kaps and P. Rentrop},
  title = {{Generalized Runge-Kutta methods of order four with stepsize control for stiff ordinary differential equations}},
  year = {1979},
  journal = {Numerische Mathematik},
  volume = {33},
  pages = {55-68},
}

% \bibitem{lang} J.~Lang, Rosenbrock-Wanner Methods: Construction and Mission,  In: Jax T., Bartel A., Ehrhardt M., Günther M., Steinebach G. (eds) Rosenbrock—Wanner–Type Methods. Mathematics Online First Collections, Springer, Cham., 1-17 (2021). https://doi.org/10.1007/978-3-030-76810-2\_2  
@inproceedings{lang,
author={Lang, Jens},
title={{Rosenbrock-Wanner methods: Construction and mission}},
year={2021},
pages={1--17},
doi={10.1007/978-3-030-76810-2_1},
editor={Jax, Tim and Bartel, Andreas and Ehrhardt, Matthias and G{\"u}nther, Michael and Steinebach, Gerd},
booktitle={Rosenbrock---Wanner--Type Methods: Theory and Applications},
publisher={Springer International Publishing},
address={Cham},
abstract={This paper is concerned with the history of Rosenbrock-Wanner methods first initiated by Rosenbrock in 1963. His original ideas are highlighted and the main developments over 55 years are reviewed.},
isbn={978-3-030-76810-2},
url={https://doi.org/10.1007/978-3-030-76810-2_1}
}

% \bibitem{lang2} J.~Lang, J.G.~Verwer, ROS3P—An Accurate Third-Order Rosenbrock Solver Designed for Parabolic Problems, J. BIT Numerical Mathematics 41, 731–738 (2001). doi:10.1023/A:1021900219772 
@article{lang2,
  doi = {10.1023/A:1021900219772},
  author = {J. Lang and J. G. Verwer},
  title = {{ROS3P---an accurate third-order Rosenbrock solver designed for parabolic problems}},
  year = {2001},
  journal = {J. BIT Numerical Mathematics},
  volume = {41},
  pages = {731-738},
}

% \bibitem{luos} C.~Lubich, A.~Ostermann, Linearly implicit time discretization of non-linear parabolic equations,  IMA Journal of Numerical Analysis, 15(4), 555–583 (1995). https://doi.org/10.1093/imanum/15.4.555 
@article{luos,
  doi = {10.1093/imanum/15.4.555},
  author = {C. Lubich and A. Ostermann},
  title = {Linearly implicit time discretization of non-linear parabolic equations},
  year = {1995},
  journal = {IMA Journal of Numerical Analysis},
  volume = {15},
  number = {4},
  pages = {555-583},
}

% \bibitem{lubich} C.~Lubich, M.~Roche, Rosenbrock methods for differential-algebraic systems with solution-dependent singular matrix multiplying the derivative, Computing 43, 325–342 (1990). https://doi.org/10.1007/BF02241653 
@article{lubich,
  doi = {10.1007/BF02241653},
  author = {C. Lubich and M. Roche},
  title = {Rosenbrock methods for differential-algebraic systems with solution-dependent singular matrix multiplying the derivative},
  year = {1990},
  journal = {Computing},
  volume = {43},
  pages = {325-342},
}

% \bibitem{rodas5} G.~Di Marzo, RODAS5(4) – Méthodes de Rosenbrock d’ordre 5(4) adaptées aux problemes différentiels-algébriques. MSc mathematics thesis, Faculty of Science, University of Geneva, Switzerland (1993) 
@mastersthesis{rodas5,
  author = {G. Di Marzo},
  title = {{Rodas5(4) -- Méthodes de Rosenbrock d'ordre 5(4) adaptées aux problemes différentiels-algébriques}},
  year = {1993},
  school = {Faculty of Science, University of Geneva, Switzerland},
}

% \bibitem{ostermann} A.~Ostermann, Continuous extensions of Rosenbrock-type methods,  Computing 44, 59–68 (1990). https://doi.org/10.1007/BF02247965 
@article{ostermann,
  doi = {10.1007/BF02247965},
  author = {A. Ostermann},
  title = {{Continuous extensions of Rosenbrock-type methods}},
  year = {1990},
  journal = {Computing},
  volume = {44},
  pages = {59-68},
}

% \bibitem{oro} A.~Ostermann, M.~Roche, Rosenbrock methods for partial differential equations and fractional orders of convergence, SIAM J. Numer. Anal. 30, 1084-1098 (1993) 
@article{oro,
  author = {A. Ostermann and M. Roche},
  title = {Rosenbrock methods for partial differential equations and fractional orders of convergence},
  year = {1993},
  journal = {SIAM J. Numer. Anal.},
  volume = {30},
  pages = {1084-1098},
}

% \bibitem{julia} C.~Rackauckas, Q.~Nie, DifferentialEquations.jl--a performant and feature-rich ecosystem for solving differential equations in julia, Journal of Open Research Software, 5(1), p.15, Ubiquity Press (2017) 
@article{julia,
  author = {C. Rackauckas and Q. Nie},
  title = {DifferentialEquations.jl--a performant and feature-rich ecosystem for solving differential equations in julia},
  year = {2017},
  journal = {Journal of Open Research Software},
  volume = {5},
  number = {1},
  pages = {15},
}

% \bibitem{ranga} J.~Rang, L.~Angermann, New Rosenbrock W-methods of order 3 for partial differential algebraic equations of index 1, BIT 45, 761-787 (2005) 
@article{ranga,
  author = {J. Rang and L. Angermann},
  title = {{New Rosenbrock W-methods of order 3 for partial differential algebraic equations of index 1}},
  year = {2005},
  journal = {BIT},
  volume = {45},
  pages = {761-787},
}

% \bibitem{rang12a} J~Rang, An analysis of the Prothero–Robinson example for constructing new DIRK and ROW methods, Informatik-Bericht 2012-03, TU Braunschweig (2012) 
@techreport{rang12a,
  author = {J. Rang},
  title = {{An analysis of the Prothero--Robinson example for constructing new DIRK and ROW methods}},
  year = {2012},
  note = { Informatik-Bericht 2012-03},
  institution = {TU Braunschweig},
}

% \bibitem{rang1} J.~Rang, The Prothero and Robinson example:  Convergence studies for Runge-Kutta and Rosenbrock-Wanner methods,  Informatikbericht 2014-05, TU Braunschweig (2014).  https://doi.org/10.24355/dbbs.084-201408121139-0 
@techreport{rang1,
  author = {J. Rang},
  title = {{The Prothero and Robinson example: Convergence studies for Runge-Kutta and Rosenbrock-Wanner methods}},
  year = {2014},
  note = { Informatikbericht 2014-05},
  doi = {10.24355/dbbs.084-201408121139-0},
  institution = { TUI Braunschweig},
}

% \bibitem{rang15} J.~Rang, Improved traditional Rosenbrock-Wanner methods for stiff ODEs and DAEs, Journal of Computational and Applied Mathematics 286 , 128-144 (2015) 
@article{rang15,
  author = {J. Rang},
  title = {{Improved traditional Rosenbrock-Wanner methods for stiff ODEs and DAEs}},
  year = {2015},
  journal = {Journal of Computational and Applied Mathematics},
  volume = {286},
  pages = {128-144},
}

% \bibitem{rang2} J.~Rang, The Prothero and Robinson example: Convergence studies for Runge-Kutta and Rosenbrock-Wanner methods, Applied Numerical Mathematics 108, 37-56 (2016) 
@article{rang2,
  author = {J. Rang},
  title = {{The Prothero and Robinson example: Convergence studies for Runge-Kutta and Rosenbrock-Wanner methods}},
  year = {2016},
  journal = {Applied Numerical Mathematics},
  volume = {108},
  pages = {37-56},
}

% \bibitem{rentropsteinebach} P.~Rentrop, G.~Steinebach, Model and numerical techniques for the alarm system of river Rhine, Surveys Math. Industry 6(4), 245-265, Springer, Wien (1997) 
@article{rentropsteinebach,
  author = {P. Rentrop and G. Steinebach},
  title = {{Model and numerical techniques for the alarm system of river Rhine}},
  journal = {Surveys Math. Industry},
  year = {1997},
  volume = {6},
  number = {4},
  pages = {245-265},
}

% \bibitem{roche} M.~Roche, Rosenbrock methods for differential algebraic equations, Numerische Mathematik, 52, 45-63 (1988) 
@article{roche,
  author = {M. Roche},
  title = {Rosenbrock methods for differential algebraic equations},
  year = {1988},
  journal = {Numerische Mathematik},
  volume = {52},
  pages = {45-63},
}

% \bibitem{rodas3} A.~Sandu, J.G.~Verwer, M.~Van Loon, G.R.~Carmichael, F.A.~Potra, D.~Dabdub, J.H.~Seinfeld, Benchmarking stiff ode solvers for atmospheric chemistry problems-I. implicit vs explicit, Atmospheric Environment, 31(19), 3151-3166 (1997).  doi.org/10.1016/1352-2310(97)00059-9 
@article{rodas3,
  doi = {10.1016/1352-2310(97)00059-9},
  author = {A. Sandu and J. G. Verwer and M. Van Loon and G. R. Carmichael and F. A. Potra and D. Dabdub and J. H. Seinfeld},
  title = {{Benchmarking stiff ode solvers for atmospheric chemistry problems-I. implicit vs explicit}},
  year = {1997},
  journal = {Atmospheric Environment},
  volume = {31},
  number = {19},
  pages = {3151-3166},
}

% \bibitem{scholz} S.~Scholz, Order barriers for the B-Convergence of ROW Methods, Computing 41, 219-235 (1989) 
@article{scholz,
  author = {S. Scholz},
  title = {{Order barriers for the B-Convergence of ROW Methods}},
  year = {1989},
  journal = {Computing},
  volume = {41},
  pages = {219-235},
}

% \bibitem{shamp} L.~F.~Shampine, Implementation of Rosenbrock Methods, ACM Transactions on Mathematical Software (TOMS), 8: 2, 93-113 (1982). doi:10.1145/355993.355994 
@article{shamp,
  doi = {10.1145/355993.355994},
  author = {L. F. Shampine},
  title = {{Implementation of Rosenbrock methods}},
  journal = {ACM Transactions on Mathematical Software},
  year = {1982},
  volume = {8},
  number = {2},
  pages = {93-113},
}

% \bibitem{shampine} L.~F.~Shampine, M.~W.~Reichelt, The MATLAB ODE Suite, SIAM Journal on Scientific Computing, 18(1), 1-22 (1997). https://doi.org/10.1137/S1064827594276424 
@article{shampine,
  doi = {10.1137/S1064827594276424},
  author = {L. F. Shampine and M. W. Reichelt},
  title = {{The MATLAB ODE suite}},
  year = {1997},
  journal = {SIAM Journal on Scientific Computing},
  volume = {18},
  number = {1},
  pages = {1-22},
}

% \bibitem{steihaug} T.~Steihaug, A.~Wolfbrandt, An Attempt to Avoid Exact Jacobian and Nonlinear Equations in the Numerical Solution of Stiff Differential Equations,  Math. Comp., 33, 521 - 534 (1979) 
@article{steihaug,
  author = {T. Steihaug and A. Wolfbrandt},
  title = {An Attempt to Avoid Exact Jacobian and Nonlinear Equations in the Numerical Solution of Stiff Differential Equations},
  year = {1979},
  journal = {Math. Comp.},
  pages = {521-534},
  volume = {33},
}

% \bibitem{rodas4p} G.~Steinebach, Order-reduction of ROW-methods for DAEs and method of lines  applications. Preprint-Nr. 1741, FB Mathematik, TH Darmstadt (1995) 
@techreport{rodas4p,
  author = {G. Steinebach},
  title = {{Order-reduction of ROW-methods for DAEs and method of lines applications}},
  year = {1995},
  note = {Preprint-Nr. 1741, FB Mathematik},
  institution = {TH Darmstadt},
}

% \bibitem{ecmi} G.~Steinebach, From River Rhine Alarm Model to Water Supply Network Simulation by the Method of Lines, In: Russo, Capasso et al. (Eds.): Progress in Industrial Mathematics at ECMI 2014. Mathematics in Industry, Vol 22, Springer International, Cham, 783-792, (2026). https://doi.org/10.1007/978-3-319-23413-7\_109     
@InProceedings{ecmi,
author={G. Steinebach},
editor={Russo, G. and Capasso, V. and Nicosia, G. and Romano, V.},
title={From River Rhine Alarm Model to Water Supply Network Simulation by the Method of Lines},
booktitle={Progress in Industrial Mathematics at ECMI 2014},
year={2016},
publisher={Springer International Publishing},
address={Cham},
pages={783--792},
isbn={978-3-319-23413-7}
}

%\bibitem{rodas4p2} G.~Steinebach, Improvement of Rosenbrock-Wanner Method RODASP, In: Reis T., Grundel S., Schöps S. (eds) Progress in Differential-Algebraic Equations II. Differential-Algebraic Equations Forum. Springer, Cham., 165-184, (2020).doi:10.1007/978-3-030-53905-4\_6 
@inproceedings{rodas4p2,
  author    = {G. Steinebach},
  title     = {{Improvement of Rosenbrock-Wanner method RODASP}},
  booktitle = {Progress in Differential-Algebraic Equations II. 9th Workshop on Descriptor Systems, March 17–20, 2019, Paderborn, Germany},
  editor = {Reis, T. and Grundel, S. and Schöps, S.},
  publisher = {Springer},
  address   = {Cham},
  isbn      = {978-3-030-53904-7},
  doi       = {10.1007/978-3-030-53905-4_6},
  pages     = {165 -- 184},
  year      = {2020},
  language  = {en}
}

% \bibitem{dreistadtsteinebach} G.~Steinebach, D.~M.~Dreistadt, Water and Hydrogen Flow in Networks: Modelling and Numerical Solution by ROW Methods, In: Jax T., Bartel A., Ehrhardt M., Günther M., Steinebach G. (eds) Rosenbrock—Wanner–Type Methods. Mathematics Online First Collections, Springer, Cham., 19-47,  (2021). https://doi.org/10.1007/978-3-030-76810-2\_2 
@inproceedings{dreistadtsteinebach,
author={G. Steinebach and D. M. Dreistadt},
title={{Water and hydrogen flow in networks: Modelling and numerical solution by ROW methods}},
year={2021},
pages={19--47},
doi={10.1007/978-3-030-76810-2_2},
editor={Jax, Tim and Bartel, Andreas and Ehrhardt, Matthias and G{\"u}nther, Michael and Steinebach, Gerd},
booktitle={Rosenbrock---Wanner--Type Methods: Theory and Applications},
publisher={Springer International Publishing},
address={Cham},
}

% \bibitem{rodas5p} G.~Steinebach, Construction of Rosenbrock-Wanner method Rodas5P and numerical benchmarks within the Julia Differential Equations package,  Bit Numer Math 63, 27 (2023).  https://doi.org/10.1007/s10543-023-00967-x 
@article{rodas5p,
  doi = {10.1007/s10543-023-00967-x},
  author = {G. Steinebach},
  title = {{Construction of Rosenbrock-Wanner method Rodas5P and numerical benchmarks within the Julia Differential Equations package}},
  year = {2023},
  journal = {Bit Numer Math},
  volume = {63},
  pages = {27},
}

% \bibitem{strehmel} K.~Strehmel, R.~Weiner, H.~Podhaisky, Numerik gewöhnlicher Differentialgleichngen, 2. Auflage, Springer Spektrum (2012) 
@book{strehmel,
  author = {K. Strehmel and R. Weiner and H. Podhaisky},
  title = {Numerik gewöhnlicher Differentialgleichngen},
  year = {2012},
  publisher = {Springer Spektrum},
}

% \bibitem{veld} M.~V. van Veldhuizen, D-stability and Kaps-Rentrop-methods, Computing 32, 229-237 (1984). doi:10.1007/BF02243574  
@article{veld,
  doi = {10.1007/BF02243574},
  author = {M. V. van Veldhuizen},
  title = {{D-stability and Kaps-Rentrop-methods}},
  year = {1984},
  journal = {Computing},
  volume = {32},
  pages = {229-237},
}

